Automatically generated by Mendeley Desktop 1.17.2
Any changes to this file will be lost if it is regenerated by Mendeley.

BibTeX export options can be customized via Options -> BibTeX in Mendeley Desktop

@misc{Potschien2013,
author = {Potschien, Denis},
title = {{HTML5: Wie das Template-Element komplexe Vorlagen erm{\"{o}}glicht}},
url = {https://www.drweb.de/magazin/html5-wie-das-template-element-komplexe-html-vorlagen-ermoeglicht-40414/},
urldate = {2016-11-02},
year = {2013}
}
@misc{Glazkov2016,
author = {Glazkov, Dimitri and Morrita, Hajime},
title = {{HTML Imports}},
url = {https://www.w3.org/TR/html-imports/},
urldate = {2016-11-02},
year = {2016}
}
@misc{Bidelman2016,
author = {Bidelman, Eric},
title = {{Shadow DOM v1: Self-Contained Web Components}},
url = {https://developers.google.com/web/fundamentals/getting-started/primers/shadowdom},
urldate = {2016-11-02},
year = {2016}
}
@book{patel2015learning,
author = {Patel, Sandeep Kumar},
isbn = {9781784395568},
publisher = {Packt Publishing Ltd},
series = {Community experience distilled},
title = {{Learning Web Component Development}},
year = {2015}
}
@misc{Behrendt2016,
author = {Behrendt, Bj{\"{o}}rn},
booktitle = {Gr{\"{u}}nderszene Magazin},
title = {{Application-Programming-Interface (API) Definition}},
url = {http://www.gruenderszene.de/lexikon/begriffe/application-programming-interface-api},
urldate = {2016-11-01},
year = {2016}
}
@book{Cameron2015,
author = {Cameron, Dane},
title = {{HTML5, JavaScript, and jQuery 24-Hour Trainer}},
year = {2015}
}
@misc{Denicola2016,
author = {Denicola, Domenic},
booktitle = {W3C},
title = {{Custom Elements}},
url = {https://www.w3.org/TR/2016/WD-custom-elements-20161013/},
urldate = {2016-11-01},
year = {2016}
}
@book{gasston2014moderne,
author = {Gasston, Peter},
isbn = {9783864914652},
publisher = {dpunkt.verlag},
title = {{Moderne Webentwicklung: Ger{\"{a}}teunabh{\"{a}}ngige Entwicklung -- Techniken und Trends in HTML5, CSS3 und JavaScript}},
year = {2014}
}
@misc{Argelius2016,
author = {Argelius, Andreas},
booktitle = {Onsen UI},
title = {{Create reusable and future-proof UI components with Custom Elements v1 and Web Components}},
url = {https://onsen.io/blog/create-reusable-future-proof-ui-components-with-custom-elements-v1-web-components/},
urldate = {2016-11-01},
year = {2016}
}
