@misc{3_behrendt_2016,
author = {Behrendddt, Bj{\"{o}}rn},
booktitle = {Gr{\"{u}}nderszene Magazin},
title = {{Application-Programming-Interface (API) Definition}},
url = {http://www.gruenderszene.de/lexikon/begriffe/application-programming-interface-api},
year = {2016}
}
